@article{ref1,
  author  = {Manoj Kumar and D.K. Yadav and Ankur Singh and Vijay Kr. Gupta},
  title   = {A Movie Recommender System: MOVREC},
  journal = {International Journal of Computer Applications (0975 â€“ 8887)},
  volume  = {Volume 124},
  number  = {No.3},
  year    = {August 2015}
}

@article{ref2,
  author  = {George Popescu},
  title   = {Group recommender systems as a voting problem},
  journal = {EPFL},
  year    = {February 2011}
}